<record><leader>00000cas a2200000 a 4500</leader><controlfield tag="001">8786973</controlfield><controlfield tag="008">820918d19131950caudr ne      0   a0eng  </controlfield><datafield ind1=" " ind2=" " tag="010"><subfield code="a">sn 82014491 </subfield></datafield><datafield ind1=" " ind2=" " tag="040"><subfield code="a">DLC</subfield><subfield code="b">eng</subfield><subfield code="c">DLC</subfield><subfield code="d">CNK</subfield><subfield code="d">OCLCQ</subfield><subfield code="d">OCLCO</subfield><subfield code="d">CNK</subfield><subfield code="d">OCLCQ</subfield><subfield code="d">OCLCF</subfield><subfield code="d">CUS</subfield></datafield><datafield ind1=" " ind2=" " tag="042"><subfield code="a">pcc</subfield></datafield><datafield ind1=" " ind2=" " tag="043"><subfield code="a">n-us-ca</subfield></datafield><datafield ind1="0" ind2="0" tag="050"><subfield code="a">Newspaper 7002</subfield></datafield><datafield ind1="0" ind2="0" tag="245"><subfield code="a">San Jose Mercury herald.</subfield></datafield><datafield ind1="3" ind2="0" tag="246"><subfield code="a">San Jose Mercury herald, San Jose evening news</subfield></datafield><datafield ind1="3" ind2="0" tag="246"><subfield code="a">San Jose Mercury herald news</subfield></datafield><datafield ind1="3" ind2="0" tag="246"><subfield code="a">San Jose Mercury-news</subfield></datafield><datafield ind1=" " ind2=" " tag="260"><subfield code="a">San Jose, Calif. :</subfield><subfield code="b">Mercury Herald Co.</subfield></datafield><datafield ind1=" " ind2=" " tag="300"><subfield code="a">volumes</subfield></datafield><datafield ind1=" " ind2=" " tag="310"><subfield code="a">Daily</subfield></datafield><datafield ind1=" " ind2=" " tag="336"><subfield code="a">text</subfield><subfield code="b">txt</subfield><subfield code="2">rdacontent</subfield></datafield><datafield ind1=" " ind2=" " tag="337"><subfield code="a">unmediated</subfield><subfield code="b">n</subfield><subfield code="2">rdamedia</subfield></datafield><datafield ind1=" " ind2=" " tag="338"><subfield code="a">volume</subfield><subfield code="b">nc</subfield><subfield code="2">rdacarrier</subfield></datafield><datafield ind1="0" ind2=" " tag="362"><subfield code="a">Vol. 85, no. 119 (Oct. 27, 1913)- ; -99th year, no. 303 (June 19, 1950).</subfield></datafield><datafield ind1=" " ind2=" " tag="500"><subfield code="a">On Sunday published as: San Jose Mercury herald, San Jose evening news, Oct. 11-Nov. 29, 1942; San Jose Mercury herald news, Dec. 6, 1942-Sept. 8, 1946; San Jose Mercury-news, Sept. 15, 1946-June 18, 1950.</subfield></datafield><datafield ind1=" " ind2=" " tag="515"><subfield code="a">Sunday issues carry their own numbering.</subfield></datafield><datafield ind1=" " ind2=" " tag="530"><subfield code="a">Master negatives are available for duplication from:</subfield><subfield code="b">California Newspaper Microfilm Archive;</subfield><subfield code="c">for further information consult the CNMA at:</subfield><subfield code="u">http://cbsr.ucr.edu.</subfield></datafield><datafield ind1=" " ind2="0" tag="651"><subfield code="a">San Jose (Calif.)</subfield><subfield code="v">Newspapers.</subfield></datafield><datafield ind1=" " ind2="7" tag="651"><subfield code="a">California</subfield><subfield code="z">San Jose.</subfield><subfield code="2">fast</subfield><subfield code="0">(OCoLC)fst01206320</subfield></datafield><datafield ind1=" " ind2="7" tag="655"><subfield code="a">Newspapers.</subfield><subfield code="2">fast</subfield><subfield code="0">(OCoLC)fst01423814</subfield></datafield><datafield ind1=" " ind2=" " tag="752"><subfield code="a">United States</subfield><subfield code="b">California</subfield><subfield code="c">Santa Clara</subfield><subfield code="d">San Jose.</subfield></datafield><datafield ind1="0" ind2="4" tag="780"><subfield code="t">San Jose herald (San Jose, Calif. : 1899)</subfield><subfield code="w">(DLC)sn 93051507</subfield><subfield code="w">(OCoLC)28400178</subfield></datafield><datafield ind1="0" ind2="4" tag="780"><subfield code="t">San Jose Mercury (San Jose, Calif. : 1899)</subfield><subfield code="w">(DLC)sn 93051506</subfield><subfield code="w">(OCoLC)28400118</subfield></datafield><datafield ind1="0" ind2="0" tag="785"><subfield code="t">San Jose Mercury (San Jose, Calif. : 1950)</subfield><subfield code="w">(DLC)sn 82015709</subfield><subfield code="w">(OCoLC)8840764</subfield></datafield><datafield ind1="1" ind2=" " tag="029"><subfield code="a">AU@</subfield><subfield code="b">000025818644</subfield></datafield></record>